%%
%%   swsc.bib
%%   bibtex demonstration bibliography 
%%   for article demonstration file swsc.tex
%%

@String{PTP = "Prog. Theor. Phys."}
@String{AA = "Astron. Astrophys."}
@String{SWSC = "J. Space Weather Space Clim."}

@ARTICLE{mizuno,
   AUTHOR = {{Mizuno}, H.},
   TITLE = {A further step backward in scientific understanding},
   JOURNAL = PTP,
   YEAR = {1980},
   VOLUME = 64,
   PAGES = {544-545}
}

@ARTICLE{yorke80a,
   AUTHOR = {{Yorke}, H. W.},
   TITLE = {A paper on nothing},
   JOURNAL = AA,
   YEAR = {1980a},
   VOLUME = 86,
   PAGES = {286}
}

@ARTICLE{yorke80b,
   AUTHOR = {{Yorke}, H. W.},
   TITLE = {A paper on everything},
   JOURNAL = AA,
   YEAR = {1980b},
   VOLUME = 86,
   PAGES = {291}
}

@ARTICLE{tscharnuter,
   AUTHOR = {{Tscharnuter}, W. M.},
   TITLE = {Who knows about astronomy?},
   JOURNAL = AA,
   YEAR = {1987},
   VOLUME = 188,
   PAGES = {55-57}
}

@ARTICLE{balluch,
   AUTHOR = {{Balluch}, M.},
   TITLE = {A paper on something},
   JOURNAL = AA,
   YEAR = 1988,
   VOLUME = 200,
   PAGES = {58-63}
}

@INCOLLECTION{baker,
   AUTHOR = {{Baker}, N.},
   TITLE = {Solar Evolution},
   BOOKTITLE = {Stellar Evolution},
   YEAR = {1966},
   EDITOR = {R. F. Stein and A. G. W. Cameron},
   PUBLISHER = {Plenum, New York},
   PAGES = {333}
} 

@BOOK{cox,
   AUTHOR = {{Cox}, J. P.},
   TITLE = {Theory of Stellar Pulsation},
   YEAR = {1980},
   PUBLISHER = {Princeton University Press, Princeton}
}

@TECHREPORT{krugel71,
   AUTHOR = {{Kr\"ugel}, A. H. and A. F. Davidsen and D. Tytler and G. A. Kriss},
   TITLE = {Summary of Project Achievements},
   TYPE = {Technical Report},
   NUMBER = {08-11-71},
   YEAR = {1971},
   INSTITUTION = {Fake Company, Nowherecity, Nowhereland}
}

@ARTICLE{cox69,
   AUTHOR = {{Cox}, A. N. and J. N. {Stewart}},
   TITLE = {Academia Nauk},
   JOURNAL = {Scientific Information},
   YEAR = {1969},
   VOLUME = 15,
   PAGES = {1-11}
}

@ARTICLE{fool,
   AUTHOR = {{Fool}, X. Y.},
   TITLE = {All earlier results are wrong},
   DOI = {\url{http://dx.doi.org/10.1051/swsc/2012000}},
   JOURNAL = SWSC,
   YEAR = {2012},
   VOLUME = 2,
   NOTE = {SWC00}
}

@ARTICLE{fou,
   AUTHOR = {{Fou}, Y. X.},
   TITLE = {No earlier results were right}, 
   DOI = {\url{http://dx.doi.org/10.1051/swsc/2013000}},
   JOURNAL = SWSC,
   YEAR = {2013},
   VOLUME = 3,
   NOTE = {SWC101}
}

@ARTICLE{dummkopf,
   AUTHOR = {{Dumm}, Z. and Z. {Kopf}},
   TITLE = {A new self-inconsistent core stability model},
   DOI = {\url{http://dx.doi.org/10.1051/swsc/2014000}},
   JOURNAL = SWSC,
   YEAR = {2014},
   VOLUME = 4,
   NOTE = {SWC2002}
}

@ARTICLE{aaron15,
   AUTHOR = {{Aaron}, A. and B. Bethusalem and C. Clown and D. Dumm and E. Espion and F. Fou and G. Google and H. Hollow and I. Interim and J. Joker and K. Kopf},
   TITLE = {Assessment of and comparison between various core stability models},
   DOI = {\url{http://dx.doi.org/10.1051/swsc/2015000}},
   JOURNAL = SWSC,
   YEAR = {2015},
   VOLUME = 5,
   NOTE = {SWC30003}
}

